2866 4762
356 449 399 512 13
623 379 1057 528 Dentrgm.Seierit.
1297 417 1300 426 ⁴

353 633 399 680 tes
429 609 590 702 transferri
621 609 752 695 possint.
798 608 965 695 Speculum
997 613 1080 674 enim
1110 615 1182 678 artis
1210 591 1325 723 natpra.

351 713 419 798 Nec
449 732 596 818 pauciora
627 741 698 788 sunt
720 729 938 811 experimenta,
978 753 1055 813 quae
1078 732 1116 794 ab
1139 747 1202 796 arte
1225 736 1258 797 in
1280 759 1325 798 ar-

272 925 276 935 f
350 867 411 916 tem
442 873 496 934 seu
523 871 542 934 a
569 845 704 929 practica
732 845 764 905 in
796 847 963 930 practicam
993 846 1156 912 transferri
1177 868 1325 935 possunt;

282 988 287 994 ³
349 973 424 1034 licet
445 971 506 1045 hnc
527 963 626 1058 rarius
648 963 680 1023 in
704 984 762 1024 aaa
784 963 832 1024 sit.
878 963 995 1027 Natum
1016 968 1099 1028 enim
1121 969 1238 1052 ubique
1261 963 1326 1032 om'-

283 1073 285 1084 ]
349 1091 442 1154 nibus
473 1081 627 1157 occurrit3
670 1053 699 1142 at
729 1094 809 1142 artes
838 1081 979 1167 singulae
1009 1085 1179 1150 artificibus
1209 1101 1326 1152 tantum

347 1204 485 1292 propriis
508 1197 652 1286 cognitae
676 1211 755 1259 sunt.
801 1197 935 1282 Specilla
954 1203 1089 1265 ocularia
1106 1206 1145 1266 sd
1158 1207 1256 1268 risum
1274 1206 1326 1267 dc·

345 1324 440 1386 bilem
463 1317 628 1404 juvandum
651 1317 775 1376 inventa
797 1331 886 1394 sunt3
908 1305 983 1381 num
998 1335 1029 1382 et
1044 1323 1237 1386 comminisci
1256 1327 1325 1408 quis

347 1453 438 1525 queat
460 1419 858 1524 aliquodlinstrumentum
881 1437 978 1518 quod,
1001 1439 1126 1500 auribus
1143 1462 1324 1523 appensum,

348 1556 511 1620 surdastris
533 1554 569 1614 ad
593 1551 779 1612 audiendum
802 1553 911 1636 juret?
956 1553 1030 1616 ltem
1054 1555 1327 1623 inbalsamationes

347 1675 458 1740 etmel
481 1671 628 1734 cadavera
645 1658 852 1768 conservant:
897 1693 1001 1733 annon
1030 1673 1130 1756 possit
1151 1675 1328 1760 aliquidex

346 1797 449 1858 bisin
473 1789 656 1853 medicinam
678 1761 850 1864 transiet-ri,
872 1790 958 1873 quod
975 1789 1063 1855 etiam
1086 1763 1163 1856 airis
1185 1797 1327 1878 corpori·
1420 1875 1421 1882 ἵ

327 1915 404 1976 vbus
437 1909 563 1996 prosit?
613 1909 690 1970 ltem
720 1907 895 1992 sigillorum
927 1909 1062 1992 practica
1083 1911 1116 1971 in
1140 1915 1228 1988 cera,‘
1255 1933 1324 1975 oae-

345 2031 456 2095 mentis
477 2042 510 2092 at
531 2027 660 2112 plumbp
684 2027 807 2108 antiqua
829 2024 906 2086 fuit:
935 2027 1061 2089 athaes
1084 2025 1174 2089 ctiam
1196 2031 1325 2115 impres·
1420 2061 1421 2084 t

345 2151 427 2212 sioni
449 2137 481 2208 in
505 2145 618 2207 chartis
640 2143 703 2204 sire
727 2146 784 2204 orti
806 2145 1050 2229 typographicae
1072 2146 1152 2208 viam
1173 2163 1324 2211 monstra·

344 2270 397 2330 rit.
443 2265 519 2325 ltem
535 2261 583 2346 ⁴sal
604 2262 637 2323 in
662 2261 842 2344 coquinaria
864 2283 972 2324 carnes
992 2263 1114 2341 condit,
1145 2265 1239 2349 idque
1262 2290 1324 2329 me-

295 2408 301 2418 ‘
343 2385 404 2446 lius
426 2383 548 2464 hyeme,
575 2401 670 2464 quam
692 2372 818 2442 aestate:
863 2401 967 2443 annon
991 2379 1052 2444 hoe
1074 2383 1113 2445 ad
1134 2377 1243 2448 balnea
1264 2387 1325 2447 uti·

343 2505 415 2564 liter
436 2497 596 2562 transferri
618 2498 718 2582 possit
734 2519 903 2581 eorumque
920 2467 1205 2584 temperamentum,
1219 2525 1328 2588 ¹quan·

346 2622 387 2683 do
409 2640 489 2703 opus
511 2615 616 2692 inerit,
645 2617 696 2677 vel
717 2616 971 2700 imprimendum,
1002 2619 1051 2680 vol
1074 2621 1323 2686 extrahendum?

345 2739 420 2802 ltcm
443 2737 485 2799 sal
506 2737 539 2797 in
562 2755 683 2818 nupero
706 2733 919 2830 experimento
951 2735 989 2798 dc
1014 2738 1345 2828 conglaciationibus

270 2909 285 2940 .·
345 2853 557 2921 artificialibus
579 2851 809 2948 magnaa'viroa
839 2851 878 2913 ad
900 2853 1156 2919 condensandum
1179 2857 1325 2924 oblinere
1419 2879 1420 2922 1

338 2948 517 3060 reperitur:
562 2992 665 3034 annon
693 2963 793 3064 possit
814 2969 875 3033 hoc
898 2971 1060 3036 transferri
1089 2975 1127 3037 ad
1145 2973 1325 3041 condensa·
1419 2983 1420 3064 l

345 3083 448 3156 tiones
471 3085 684 3166 metallorum}
720 3109 792 3150 ‘cum
813 3087 996 3174 jampridem
1010 3105 1126 3194 potum
1148 3095 1198 3173 sit,
1228 3117 1332 3182 aquas
1419 3113 1420 3118 ’

287 3251 289 3258 ,
343 3207 451 3289 fortes,
489 3231 524 3270 ex
551 3207 715 3271 nonnullis
739 3207 872 3296 salibus
889 3207 1086 3294 compositas,
1125 3212 1261 3296 dejicere
1290 3229 1325 3280 et
1419 3201 1420 3206 ἵ

342 3327 547 3416 praecipitare
568 3319 709 3389 arenulas
728 3317 799 3387 auri
823 3341 860 3388 ex
880 3325 1013 3389 metallis
1033 3323 1207 3412 aliquibus,
1242 3341 1323 3398 auro

322 3447 412 3533 ipso
434 3447 538 3508 minus
557 3444 689 3508 densis?
733 3443 807 3506 ltem
828 3443 961 3527 pictoris
981 3439 1118 3533 imagine
1139 3447 1326 3535 memoriam
1371 3487 1374 3496 ,

345 3563 390 3630 rei
412 3565 569 3626 renovat:¹
594 3575 699 3626 annon
722 3557 785 3624 hoe
805 3561 981 3626 traductum
1003 3577 1049 3626 est
1069 3565 1102 3626 in
1122 3574 1219 3628 artem
1240 3587 1329 3650 eam,

272 3678 278 3688 “
344 3701 436 3770 quiam
456 3683 579 3756 vocant,
600 3679 792 3743 memoriae?
833 3679 881 3743 De
905 3681 953 3743 his
974 3681 1007 3743 in
1029 3669 1147 3771 genere
1167 3684 1329 3752 monitum

345 3797 403 3880 sit;
446 3799 532 3886 quod
555 3793 632 3860 nihil
653 3800 692 3862 ad
715 3799 845 3861 imbrem
865 3793 1021 3884 ¹quendam
1043 3793 1241 3866 inventorum
1262 3808 1329 3870 uti·
1418 3837 1419 3880 4

344 3920 419 3984 lium
450 3913 681 4001 eorundemque
710 3937 865 3982 novorum
895 3905 989 3980 veluti
1010 3919 1141 3985 coelitus
1164 3919 1330 3987 deducen-

345 4039 429 4134 dum*
448 4045 566 4099 tantum
592 4037 695 4100 'valere
725 4037 835 4122 possit,
865 4051 1024 4121 quantum,
1056 4039 1082 4109 si
1108 4041 1332 4129 ‘experimenta
