2866 4762
468 402 686 566 Liberis.¹
869 391 904 429 ⁸*
1013 470 1058 550 ¹9

76 627 286 714 complurium
307 625 416 688 artium
428 624 688 717 mechanicarum·
708 626 763 688 uni
782 607 904 690 lrominl
922 639 973 692 aut
986 653 1059 714 pau·

76 749 132 823 eis,
155 745 211 828 qui
232 765 264 808 se
286 743 436 806 invicem
443 743 610 828 colloquiis
632 763 744 806 acuere
767 745 922 830 possint,
921 746 954 808 in
978 749 1060 811 noti·

74 865 150 927 tiam
178 861 332 937 venerint,
368 873 419 923 aut
441 882 496 944 per
517 860 608 937 hano,
644 883 735 945 quam
757 861 900 980 dicimus,
941 865 1060 953 experi

76 995 254 1052 mentorum
285 978 529 1075 translationem,
567 991 648 1042 artes
676 999 708 1041 se
737 960 845 1042 mutud
875 979 993 1064 fovere,
1031 997 1063 1046 et
1087 1055 1096 1072 κ

76 1099 170 1162 veluti
186 1097 407 1178 commixtione
423 1095 582 1159 radiorum
598 1093 768 1160 accendere
776 1097 916 1188 possint.
948 1077 1063 1190 Qtiain-

10 1297 11 1304 ἵ
79 1218 128 1280 vis
156 1216 241 1295 enim
270 1215 322 1293 ria
352 1213 513 1277 rationalis
544 1238 602 1298 per
632 1236 785 1326 organum
814 1214 894 1304 long
875 1238 913 1276 σε
945 1218 1063 1299 majora
1115 1273 1120 1290 ,

10 1331 12 1400 ]
82 1335 295 1418 spondeat,
268 1347 399 1422 attamen
422 1333 498 1394 haec
521 1319 670 1426 sagacitas
692 1353 763 1416 per
769 1325 991 1416 experientiam
1012 1336 1064 1399 lit-

82 1465 209 1528 teratam
229 1451 394 1534 plurima
385 1447 514 1512 interim
533 1471 569 1512 ex
590 1450 641 1526 iis,
670 1471 747 1533 quae
770 1449 803 1510 in
821 1453 964 1534 proximo
981 1459 1063 1532 sunt,

10 1549 12 1606 l
81 1572 116 1642 in
141 1593 241 1658 genus
262 1571 442 1645 humanum,
480 1569 636 1652 tanquam
655 1565 783 1630 missilia
811 1570 893 1653 apud
915 1543 1066 1656 ⁸antiquos

84 1660 241 1768 donativa,
264 1679 411 1774 projiciet
432 1699 464 1748 et
481 1700 619 1772 sparget.
661 1684 810 1770 Superest
831 1687 884 1749 illa
905 1687 1066 1752 translatio

85 1806 125 1871 de
147 1807 329 1891 partessartis
349 1805 524 1889 inpartem
546 1805 716 1880 diversam-3
760 1825 839 1886 quae
870 1826 978 1888 perum
1009 1804 1068 1869 dif-
1130 1805 1133 1810 “

10 1909 11 1914 ¹
86 1925 150 1988 fert
173 1945 191 1984 a
215 1921 412 2002 translatione
427 1921 473 1984 de
487 1923 560 1984 -art'e
577 1923 608 1984 in
627 1933 742 1997 artern3
766 1921 873 1982 rerum
895 1923 967 2005 quin
988 1937 1068 1988 artes
1136 1992 1144 2000 ,

86 2040 261 2108 nonnullae
284 2038 380 2146 spatia
399 2039 512 2130 inagna
535 2051 701 2124 occupent,
729 2053 763 2100 ut
785 2020 875 2100 etiem
897 2021 1071 2104 transatio

90 2183 164 2224 nem
200 2159 481 2243 experimentorum
518 2151 601 2220 ferre
638 2157 720 2218 intra
753 2178 791 2218 ae
822 2157 904 2245 ipsqs
937 2159 1071 2243 possint,

10 2305 11 2310 ¹
89 2282 171 2342 hanc
194 2279 284 2340 etiam
306 2275 441 2384 speciem
457 2263 666 2339 translationis
684 2275 919 2362 subjungere
892 2259 993 2338 risum
1009 2292 1071 2357 est;
1105 2276 1108 2284 ’

90 2395 279 2484 praecipue,
316 2394 388 2478 quia
416 2393 522 2479 magni
550 2415 679 2478 prorsus
711 2393 810 2456 estin
834 2396 987 2457 nonnulla
1008 2411 1072 2460 arte

81 2513 255 2580 ’.ιίιοιιιιιιιί
298 2512 469 2576 Plurimum
490 2513 575 2574 enim
597 2511 635 2573 ad
656 2524 751 2572 artem
771 2499 945 2610 medicinae
967 2509 1075 2598 ampli-

93 2633 246 2699 ficandam
267 2627 439 2716 profuerit,
478 2629 504 2692 si
525 2629 748 2726 ιιριιὶιιιειιιιι
756 2629 851 2714 pertis
872 2630 957 2694 illius
980 2633 1075 2695 medi

93 2753 184 2816 cinae
214 2750 253 2814 de
284 2748 498 2813 curationibus
529 2747 711 2810 morborum
741 2749 778 2842 ad
808 2762 910 2838 partes
939 2747 1009 2811 illas
1036 2750 1075 2812 de

10 2949 11 2952 Ἴ
94 2851 367 2936 ιιιιιιιιιιιιιιίιιιιε
399 2881 431 2930 et
458 2864 702 2954 prolongatione
733 2866 810 2928 ritae
839 2863 1074 2928 transferantur.
1125 2904 1132 2924 ι

10 2955 12 2974 ›
95 2989 132 3054 Si
163 2987 248 3051 enim
278 2985 415 3070 cpiatum
452 2984 580 3083 aliquod
609 2983 735 3072 insigne
772 2984 822 3044 sd'
848 2982 1013 3066 spirituum
1042 2983 1097 3070 in

96 3105 212 3172 moriac
242 3103 402 3190 pestilenti
431 3099 634 3165 furibundam
664 3101 880 3164 incensionem
907 3101 1079 3186 reprimen·
1172 3138 1174 3148 ·

96 3229 176 3292 dum
198 3222 363 3297 suffecerit,
386 3244 451 3286 non
473 3220 596 3302 dubitet
617 3219 780 3303 quispiam,
804 3219 880 3303 quin
904 3203 1003 3284 simile
1024 3221 1080 3282 ali*

97 3344 198 3432 quod,
220 3341 325 3405 debita
345 3339 415 3404 dosi
437 3337 587 3430 familiare
608 3337 776 3414 redditum,
813 3339 904 3405 etiam
924 3339 1081 3402 incensio.
1112 3377 1115 3388 ,

10 3465 11 3484 ’
99 3487 176 3529 nem
198 3483 266 3524 eam
287 3459 532 3548 gliscentemet
560 3457 774 3541 obrepentem,
810 3478 888 3542 quae
917 3477 975 3540 per
1004 3472 1082 3520 aeta·
1168 3467 1174 3478 ‘

97 3597 165 3648 tem
187 3579 232 3656 fit,
270 3579 372 3664 aliqua
393 3600 429 3642 ex
450 3589 536 3662 parte
558 3571 698 3643 fraenare
727 3589 759 3636 et
774 3575 941 3637 retardare
972 3575 1081 3660 possit.
1108 3633 1111 3645 ,

101 3707 209 3786 Atque
232 3679 270 3762 tle
292 3697 497 3760 tranalatione
516 3693 719 3778 experimenti
738 3685 900 3756 'haetenus

192 3817 331 3880 lnversio
363 3813 566 3906 experimenti
596 3810 643 3890 fit,
679 3833 749 3876 cum
781 3810 969 3880 eontrarium
1000 3807 1082 3891 ojus,

99 3939 197 4026 qnod
217 3937 430 4020 experimento
452 3944 582 4004 constat,
605 3932 766 4015 probatur.
809 3925 953 4034 Exempli
968 3927 1083 4011 gratia:
1163 3929 1167 3936 ’

102 4058 247 4122 calidum
267 4043 325 4139 per
341 4049 687 4136 specula-incenditur:
702 4053 784 4108 'num
803 4044 893 4108 etiam
913 4041 1088 4134 frigidum?

223 4165 229 4184 ¹
729 4163 799 4234 Ba
947 4188 960 4228 z
