2866 4762
526 471 664 538 Liber
680 473 724 544 V.
875 419 880 428 ι
1044 527 1050 542 ,
1069 497 1118 558 55

123 651 188 718 s'ed
216 674 277 736 per
304 639 443 714 medium
471 649 644 735 perficitur.
698 651 803 736 Imque
829 653 888 716 aliu
916 675 968 718 res
996 671 1043 721 est
1068 660 1118 722 iu·

121 772 233 834 ventio
254 771 362 846 medii,
384 770 444 830 sliu
464 769 619 854 judicium
639 771 678 833 tle
691 773 915 856 consequentia
928 779 1115 860 argumenti,

121 890 208 951 Nam
227 889 334 971 primo
355 888 506 952 discurrit
526 909 626 964 mens,
648 901 758 972 postes
778 889 961 973 acquiescit.
1004 894 1048 956 At
1067 896 1118 958 iu·

125 1007 287 1070 ductionis
317 1005 451 1068 formam
481 1006 625 1092 vitiosum
659 1027 791 1096 prorsus
820 1006 923 1070 valere
952 1010 1117 1095 jubemus3

125 1126 300 1210 legitimam
321 1119 362 1186 ed
382 1147 501 1186 novum
523 1145 678 1212 organum
699 1125 896 1190 remittimus.
947 1128 1054 1214 ltaque
1076 1131 1117 1196 de

126 1244 247 1329 judicio
268 1263 329 1326 per
348 1240 568 1306 inductionem
588 1243 653 1306 hoc
673 1243 747 1306 loco
770 1241 854 1306 satis.

210 1446 259 1508 De
288 1446 346 1508 illo
376 1445 475 1508 altero
506 1469 564 1528 per
585 1448 810 1529 syllogismum
839 1446 918 1532 quid
938 1451 1049 1515 attinet
1069 1453 1117 1516 di·

126 1587 211 1640 cere,
235 1587 306 1626 cum
327 1561 569 1627 subtilissimis
559 1590 592 1626 ιιι
596 1566 764 1652 geniorum
771 1563 868 1630 limis
886 1567 965 1631 haec
982 1592 1033 1633 res
1048 1569 1115 1635 fere

125 1685 230 1745 attrita
249 1683 299 1758 sit,
322 1695 354 1745 et
373 1683 406 1743 ib
431 1682 540 1744 multos
558 1683 704 1746 minutias
718 1683 868 1748 reducto?
896 1685 967 1749 Nec
984 1689 1114 1770 mirum,

125 1825 198 1865 cum
220 1804 261 1864 eit
279 1823 343 1878 ree,
364 1823 443 1884 quse
465 1823 537 1863 cum
558 1801 722 1884 intellectu
743 1799 879 1865 humano
897 1825 1042 1892 maguam
1062 1807 1116 1870 ha·

123 1923 199 1984 beat
222 1919 433 2004 sympathiam.
478 1921 560 1980 Nam
581 1919 702 1980 suimus
723 1915 879 1980 humanus
901 1921 989 1984 miris
1011 1924 1115 1988 modis

122 2041 250 2104 adhoc
272 2039 436 2100 contendit
458 2051 489 2100 et
510 2037 645 2112 anhelat,
679 2047 802 2099 utnon
823 2035 955 2122 pensilis
977 2036 1027 2119 sit,
1058 2043 1115 2106 sed

123 2156 340 2221 nansciscetur
362 2154 481 2240 aliquid
501 2155 595 2218 fixum
626 2169 658 2218 et
677 2153 852 2233 immobile,
886 2157 938 2219 cni
966 2172 1115 2244 tunquam

122 2277 319 2340 firmamento
331 2273 375 2361 ⁸iu
391 2271 625 2338 transcursibus
645 2289 677 2336 et
690 2273 965 2358 disquisitionibus
987 2277 1051 2344 suis
1066 2277 1116 2342 iu-

123 2397 252 2460 uitstur.
305 2391 387 2458 Sane
410 2393 673 2476 quemadmodum
694 2391 879 2458 Aristoteles
902 2394 1038 2480 probare
1061 2421 1115 2462 co·
1165 2457 1171 2477 ,

123 2527 229 2590 natur,
250 2511 387 2576 inveniri
409 2507 443 2572 in
467 2510 555 2574 omni
576 2525 663 2575 motu
685 2532 856 2597 corporum
874 2511 1003 2600 aliquid,
1026 2515 1114 2600 quod

125 2631 270 2720 quiescit,
307 2644 339 2692 et
367 2629 504 2692 fabulam
533 2632 690 2716 antiquam
720 2628 759 2692 tle
789 2630 925 2709 Atlante,
962 2631 1018 2718 qui
1043 2631 1112 2720 ipse
1184 2659 1186 2666 v
1214 2625 1220 2635 “

126 2765 249 2814 erectus
271 2746 394 2812 coelum
415 2745 554 2812 humeris
577 2749 741 2854 sustinuit,
753 2749 974 2846 pereleganter
995 2750 1035 2814 ad
1055 2745 1122 2838 poss

123 2872 177 2934 los
198 2869 307 2932 mundi
327 2869 472 2944 traducit,
495 2863 581 2930 eirca
602 2889 682 2952 quos
698 2865 923 2933 conversiones
942 2867 1113 2952 expediun-

123 3002 194 3052 tur:
238 2985 381 3052 similiter
409 3005 541 3074 magno,
555 2983 659 3048 studio
690 2997 841 3070 appetunt
866 2983 1022 3064 homines,
1055 2987 1111 3050 ali·

124 3129 220 3192 qnem
240 3104 359 3166 hebere
388 3105 471 3167 intra
492 3125 524 3168 se
547 3101 776 3192 cogitationum
796 3099 953 3171 Atlantem
982 3116 1034 3168 aut
1053 3127 1112 3192 po·

121 3225 198 3302 los„
221 3221 277 3309 qui
306 3220 482 3287 intellectus
505 3197 722 3286 fluctuationes
750 3233 781 3284 et
801 3218 974 3310 vertigines
995 3224 1111 3310 aliqua·

124 3357 217 3408 tenus
247 3355 370 3431 regant,
400 3343 545 3406 timentes
575 3336 706 3418 scilicet,
744 3362 785 3402 ue
817 3335 940 3422 coelum
967 3339 1113 3428 ipsorum

121 3474 202 3528 rust.
270 3457 375 3546 ltaque
406 3459 455 3524 ad.
473 3455 632 3548 principia
661 3455 861 3525 scientiarum
890 3463 1110 3526 constituenda
1174 3451 1181 3468 ⁶

120 3599 334 3667 praepropere
356 3574 559 3658 festinarunt,
596 3575 679 3656 circs
700 3599 777 3662 quae
801 3581 904 3672 omnis
927 3573 1108 3664 ‹lisputatio-

120 3723 199 3764 uum
223 3697 351 3761 varietas
375 3709 563 3774 verteretur,
600 3697 666 3760 sine
697 3681 840 3781 periculo
863 3693 970 3758 ruinae
1002 3675 1033 3758 et
1058 3709 1108 3757 ea·

121 3841 193 3882 sust
236 3816 413 3882 nescientes
434 3815 594 3902 profecto,
624 3837 704 3891 eum,
735 3815 790 3900 qui
811 3827 897 3878 uerte
917 3811 1010 3874 nimis
1031 3835 1106 3898 pro·

118 3957 199 4023 pere
222 3934 396 4022 captaverit,
427 3933 462 3998 in
485 3933 590 3998 dubiis
611 3906 798 4008 finiturum,
825 3927 879 4015 qui
902 3941 1009 3992 antem
1024 3931 1105 4018 jucli-

118 4033 206 4120 cinm
228 4055 409 4142 tempestiva
432 4052 621 4128 cohibuerit,
643 4051 682 4116 ad
704 4059 788 4114 certa
808 4059 1041 4134 perventurum.
1098 4145 1103 4166 ι

740 4197 808 4272 ct
